@manual{mipv6,
	author = {C. Perkins and D. Johnson and J. Arkko},
	title = {"Mobility Support in IPv6"},
	date = {July, 2011},
	note = {RFC 6275},
	organization = {Internet Engineering Task Force (IETF)},
}

@manual{ipv6,
	author = {S. Deering and Cisco and R. Hinden and Nokia},
	title = {"Internet Protocol, Version 6 (IPv6) Specification"},
	date = {December, 1998},
	note = {RFC 2460},
	organization = {Internet Engineering Task Force (IETF)},
}

@manual{ipv4,
	author = {Information Sciences Institute and University of Southern California},
	title = {"Internet Protocol DARPA Internet Program Protocol Specification"},
	date = {September, 1981},
	note = {RFC 791},
	organization = {Internet Engineering Task Force (IETF)},
}

@manual{icmpv6,
	author = {A. Conta and Transwitch and S. Deering and Cisco Systems and M. Gupta and Tropos Networks},
	title = {"Internet Control Message Protocol (ICMPv6) for the Internet Protocol Version 6 (IPv6) Specification"},
	date = {March, 2006},
	note = {RFC 4443},
	organization = {Internet Engineering Task Force (IETF)},
}  

@manual{neigdisc6,
	author = {T. Narten and IBM and E. Nordmark and Sun Microsystems and W. Simpson and Daydreamer and H. Soliman and Elevate Technologies},
	title = {"Neighbor Discovery for IP version 6 (IPv6)"},
	date = {September, 2007},
	subtitle = {RFC 4861},
	note = {(RFC 4861)},
	organization = {Internet Engineering Task Force (IETF)},
}

@manual{mipv6_old,
    author = {D. Johnson and C. Perkins and J. Arkko},
	date = {June, 2004},
    title = {Mobility Support in IPv6},
    url = {http://www.ietf.org/rfc/rfc3775.txt},
	note = {RFC 3775},
    organization = {Internet Engineering Task Force (IETF)},
}
@manual{dsmipv6,
	author = {H. Soliman},
	title = {"Mobile IPv6 Support for Dual Stack Hosts and Routers"},
	date = {June, 2009},
	note = {RFC 5555},
	organization = {Internet Engineering Task Force (IETF)},
}

@manual{pmipv6,
	author = {S. Gundavelli and K. Leung and V. Devarapalli and K. Chowdhury and B. Patil},
	title = {"Proxy Mobile IPv6"},
	date = {Aug, 2008},
	note = {RFC 5213},
	organization = {Internet Engineering Task Force (IETF)},
}

@article{ddm_standars_landscape,
	author={Zuniga, J.C. and Bernardos, C.J. and de la Oliva, A. and Melia, T. and Costa, R. and Reznik, A.},
	journal={Communications Magazine, IEEE},
	title={Distributed mobility management: A standards landscape},
	year={2013},
	month={March},
	volume={51},
	number={3},
	pages={80-87},
	keywords={3G mobile communication;IP networks;mobility management (mobile radio);3GPP;DMM-based architecture;IETF;distributed mobility management;mobile IP networks;packet core;standards landscape;IP networks;Mobile communication;Mobile computing;Mobile radio mobility management;Protocols;Routing},
	doi={10.1109/MCOM.2013.6476870},
	ISSN={0163-6804},
}

@article{openflow_white_paper,
	 author = {McKeown, Nick and Anderson, Tom and Balakrishnan, Hari and Parulkar, Guru and Peterson, Larry and Rexford, Jennifer and Shenker, Scott and Turner, Jonathan},
	 title = {OpenFlow: Enabling Innovation in Campus Networks},
	 journal = {SIGCOMM Comput. Commun. Rev.},
	 issue_date = {April 2008},
	 volume = {38},
	 number = {2},
	 month = mar,
	 year = {2008},
	 issn = {0146-4833},
	 pages = {69--74},
	 numpages = {6},
	 url = {http://doi.acm.org/10.1145/1355734.1355746},
	 doi = {10.1145/1355734.1355746},
	 acmid = {1355746},
	 publisher = {ACM},
	 address = {New York, NY, USA},
	 keywords = {ethernet switch, flow-based, virtualization},
}

@misc{cdf,
	author = {CDF},
	title = {CDF wikipedia page},
	year = {23 May 2014},
  	note = {Available at \url{http://en.wikipedia.org/wiki/Cumulative_distribution\_function}},
}

@misc{alix,
	author = {Alix},
	title = {Alix official web page},
	year = {23 May 2014},
  	note = {Available at \url{http://www.pcengines.ch/alix2d3.htm}},
}

@misc{pantou,
	author = {Pantou},
	title = {Pantou official web page},
	year = {26 May 2014},
  	note = {Available at \url{http://archive.openflow.org/wk/index.php/Pantou_:_OpenFlow_1.0_for_OpenWRT}},

}

@misc{linksys,
	author = {Linksys WRT54GL},
	title = {Linksys official wiki page},
	year = {24 May 2014},
  	note = {Available at \url{http://wiki.openwrt.org/toh/linksys/wrt54g}},
}

@misc{openvswitch,
	author = {Open vSwitch},
	title = {Open vSwitch official web page},
	year = {27 May 2014},
  	note = {Available at \url{http://openvswitch.org/}},
}

@misc{ryu,
	author = {Ryu},
	title = {Ryu official web page},
    year = {27 May 2014},
 	note = {Available at \url{http://osrg.github.io/ryu/}},
}

@misc{scappy,
	author = {Scappy},
	title = {Scappy official web page},
	year = {27 May 2014},
	note = {Available at \url{http://www.secdev.org/projects/scapy/}},
}

@misc{sdn_wiki,
	author = {SDN},
	title = {SDN wikipedia web page},
	year = {27 May 2014},
	note = {Available at \url{http://en.wikipedia.org/wiki/Software-defined_networking}},
}

@misc{open_network_foundation,
	author = {Open Networking Foundation},
	title = {Official web page},
	year = {27 May 2014},
	note = {Available at \url{https://www.opennetworking.org/}},
}

@misc{openvswitch_installation,
	author = {Open vSwitch Installation},
	title = {Official wiki},
	year = {27 May 2014},
	note = {Available at \url{http://git.openvswitch.org/cgi-bin/gitweb.cgi?p=openvswitch;a=blob_plain;f=FAQ;hb=HEAD}},
}

@misc{hostapd,
	author = {Hostapd},
	title = {Official Hostapd Web Page},
	year = {June 2, 2014},
	note = {Available at \url{http://wireless.kernel.org/en/users/Documentation/hostapd}},
}

@misc{pygtk,
	author = {PyGTK},
	title = {Official PyGTK Web Page},
	year = {2 Jun 2014},
	note = {Available at \url{http://www.pygtk.org/}},
}

@misc{terminator,
	author = {Terminator},
	title = {Official Terminator Web Page},
	year = {2 Jun 2014},
	note = {Available at \url{http://gnometerminator.blogspot.com.es/p/introduction.html}},
}